@article{xiong2021cyber,
  title={Cyber security threat modeling based on the MITRE Enterprise ATT\&CK Matrix},
  author={Xiong, Wenjun and Legrand, Emeline and {\AA}berg, Oscar and Lagerstr{\"o}m, Robert},
  journal={Software and Systems Modeling},
  pages={1--21},
  year={2021},
  publisher={Springer}
}

@misc{johnson2018mal,
  title={Mal (the meta attack language): A domain specific language for probabilistic threat modeling and attack simulation},
  author={Johnson, Pontus and Lagerstr{\"o}m, Robert and Ekstedt, Mathias},
  year={2018}
}

@incollection{hersen2021towards,
  title={Towards measuring test coverage of attack simulations},
  author={Hers{\'e}n, Nicklas and Hacks, Simon and F{\"o}gen, Konrad},
  booktitle={Enterprise, Business-Process and Information Systems Modeling},
  pages={303--317},
  year={2021},
  publisher={Springer}
}

@article{hevner2004design,
  title={Design science in information systems research},
  author={Hevner, Alan R and March, Salvatore T and Park, Jinsoo and Ram, Sudha},
  journal={MIS quarterly},
  pages={75--105},
  year={2004},
  publisher={JSTOR}
}

@article{peffers2007design,
  title={A design science research methodology for information systems research},
  author={Peffers, Ken and Tuunanen, Tuure and Rothenberger, Marcus A and Chatterjee, Samir},
  journal={Journal of management information systems},
  volume={24},
  number={3},
  pages={45--77},
  year={2007},
  publisher={Taylor \& Francis}
}